@ARTICLE {Arellano:1991,
author = {Arellano, M. and Bond, S.},
title = {Some test of specication for panel
data:monte carlo evidence and an application to employment equation},
journal = {Review of Economic Studies},
year = {1991},
volume = {58},
pages = {277-297},
}


@ARTICLE {Arellano:1995,
author = {Arellano, M. and Bover, O.},
title = {Another look at the instrumental variable
estimation of error-components models},
journal = {Journal of Econometrics},
year = {1995},
volume = {68},
pages = {29-51},
}

@ARTICLE {Anderson:1982,
author = {Anderson, W. and Hsiao, C.},
title = {Formulation and estimation of dynamic models using panel data},
journal = {Journal of Econometrics},
year = {1982},
volume = {18},
pages = {47-82},
}

@ARTICLE {Arellano:1989,
author = {Arellano, M.},
title = {A note on the Anderson-Hsiao estimator for panel data},
journal = {Economics Letters},
year = {1989},
volume = {31},
pages = {337-341},
}



@ARTICLE {Ahn:1995,
author = {Seung Ahn  and Peter Schmidt},
title = {Efficient estimation of models for dynamic panel data},
journal = {Journal of Econometrics},
year = {1998},
volume = {68},
pages = {5-27},
}


@ARTICLE {Blundell:1998,
author = {Richard Blundell and Stephen Bond},
title = {Initial conditions and moment restrictions in dynamic panel data models},
journal = {Journal of Econometrics},
year = {1998},
volume = {87},
pages = {115-143},
}

@ARTICLE {Bun:2010,
author = {Bun, M. J. G. and Windmeijer, F.},
title = {The weak instrument problem of the system GMM estimator in dynamic panel data models},
journal = {Econometrics Journal},
year = {2010},
volume = {13},
pages = {95-126},
}






@ARTICLE {Hayakawa:2009,
author = {Kazuhiko Hayakawa},
title = {On the effect of mean-nonstationarity in dynamic panel data models},
journal = {Journal of Econometrics},
year = {2009},
volume = {153},
pages = {133-135},
}


@ARTICLE {Hsiao:2002,
author = {Hsiao, Cheng and Hashem Pesaran, M. and Kamil Tahmiscioglu, A. },
title = {Maximum likelihood estimation of fixed effects dynamic panel data models covering short time periods},
journal = {Journal of Econometrics},
year = {2002},
volume = {109},
pages = {107-150},
}

@ARTICLE {Kruiniger:2008,
author = {Hugo Kruiniger},
title = {Maximum likelihood estimation and inference methods for the covariance stationary panel AR(1)/unit root model},
journal = {Journal of Econometrics},
year = {2008},
volume = {144},
pages = {447-464},
}


@ARTICLE {Kruiniger:2013,
author = { Hugo Kruiniger },
title = {Quasi ML estimation of the panel AR(1) model with arbitrary initial conditions},
journal = {Journal of Econometrics},
year = {2013},
volume = {173},
pages = {175--188},
}



@ARTICLE {Han:2013,
author = { Chirok Han and  Peter Phillips },
title = {First difference maximum likelihood and dynamic panel estimation},
journal = {Journal of Econometrics},
year = {2013},
volume = {175},
pages = {35--45},
}


@ARTICLE {Bun:2017,
author = { Maurice Bun and Martin A. Carree and Arturas Juodis},
title = {On maximum likelihood estimation of dynamic panel data models},
journal = {Oxford Bulletin of Economics and Statistics},
year = {2017},
volume = {79},
pages = {463-494},
}

@ARTICLE {Binder:2005,
author = { Maurice Bun and Martin A. Carree and Arturas Juodis},
title = {Estimation and inference in short panel vector autoregression with unit root and cointegration },
journal = {Econometric Theory},
year = {2005},
volume = {21},
pages = {795-837},
}


@ARTICLE {Hayakawa:2015,
author = { Kazuhiko Hayakawa and M. Hashem Pesaran},
title = {Robust standard errors in transformed likelihood estimation of dynamic panel data models with cross-sectional heteroskedasticity},
journal = {Journal of Econometrics},
year = {2015},
volume = {188},
pages = {111-134},
}

@ARTICLE {Hsiao:2012,
author = { Cheng Hsiao and Steve Ching and Shui Ki Wan},
title = {A panel data approach for program evaluation: measuring the benefits of political and economic integration of Hong kong with mainland China},
journal = {Journal of Applied Econometrics},
year = {2012},
volume = {27},
pages = {705-740},
}


@ARTICLE {Nickell:1981,
author = {Stephen Nickell},
title = {Biases in dynamic models with fixed effects},
journal = {Econometrica},
year = {1981},
volume = {49},
pages = {1417-1426},
}


@ARTICLE{Juodis:2017,
author = {Arturas Juodis},
title = {First difference transformation in panel VAR models: Robustness, estimation, and inference},
journal = {Econometric Reviews},
year = {2018},
volume = {37},
pages = {650-693},
}









@unpublished{Bai:2013,
author = { Jushan Bai  },
title = {Likelihood approach to dynamic panel data models with interactive effects},
school={USC},
note  = {Working paper},
year = {2013},
}





@unpublished{Ahn:2006,
author = { Seung C. Ahn and Gareth M. Thomas  },
title = {Likelihood Based Inference for Dynamic Panel Data Models},
year = {2006},
note    = "Working paper",
}


@unpublished{Alvarez:2004,
author = { Javier Alvarez and Manuel Arellano },
title = {Robust likelihood estimation of dynamic panel data models},
year = {2004},
note    = "Working paper",
}
